@techreport{RFC5234,
  author = {D. Crocker and P. Overell},
  title = {Augmented {BNF} for Syntax Specifications: {ABNF}},
  howpublished = {Internet Requests for Comments},
  type = {STD},
  number = {68},
  year = {2008},
  month = {January},
  issn = {2070-1721},
  publisher = {RFC Editor},
  institution = {RFC Editor},
  url = {http://www.rfc-editor.org/rfc/rfc5234.txt}
}

@techreport{RFC3339,
  author = {G. Klyne and C. Newman},
  title = {Date and Time on the Internet: Timestamps},
  howpublished = {Internet Requests for Comments},
  type = {RFC},
  number = {3339},
  year = {2002},
  month = {July},
  issn = {2070-1721},
  publisher = {RFC Editor},
  institution = {RFC Editor},
  url = {http://www.rfc-editor.org/rfc/rfc3339.txt}
}
